manual - Technische handleiding.
Verplicht: title
Optioneel: author, organization, month, year, edition, note

@manual{io,
  title = {{Io Programming Guide}},
  author = {Steve Dekorte},
  year = 2010,
  url = {http://www.iolanguage.com/scm/io/docs/IoGuide.html}
}

@manual{self,
  title = {{Self Handbook Documentation}},
  author = {Russell Allen},
  month = aug,
  year = 2011,
  note = {Release 2 for Self 4.4},
  url = {http://docs.selflanguage.org/4.4/pdf/SelfHandbook-Self4.4-R2.pdf}
}

@manual{javascript,
  title = {{ECMAScript Language Specification}},
  organization = {{ECMA International}},
  month = jun,
  year = 2011,
  edition = {5.1},
  url = {http://www.ecma-international.org/publications/files/ECMA-ST/Ecma-262.pdf}
}

@manual{java,
  author = {James Gosling and Bill Joy and Guy Steele and Gilad Bracha and Alex Buckley},
  title = {{The Java Language Specification}},
  organization = {Oracle America, Inc.},
  month = feb,
  year = 2012,
  edition = {{Java SE 7}},
  url = {http://docs.oracle.com/javase/specs/jls/se7/jls7.pdf}
}

@manual{csharp,
  title = {{C\# Language Specification}},
  organization = {Microsoft Corporation},
  year = 2010,
  edition = {4.0},
  url = {http://go.microsoft.com/fwlink/?LinkId=199552}
}

